@misc{ittelekom,
	author = {IT\&Telekomföretagen},
	title = {{IT}-kompetensbristen: En rapport om den svenska digitala sektorns behov av spetskompetens},
year = {2018},
	howpublished = {\url{https://www.itot.se/app/uploads/sites/2/imported/ITTelekom-Rapport-Brist-Pa-IT-kompetens-webb.pdf}}
}

@misc{teknikforetagen,
	author = {Teknikföretagen},
	title = {Vinna eller försvinna: Kompetensbehov, utmaningar och strategier i teknikföretag},
year = {2017},
	howpublished = {\url{http://www.teknikforetagen.se/globalassets/i-debatten/publikationer/teknikforetagen-rapport-vinna-eller-forsvinna-.pdf}}
}

@misc{swedsoft,
	author = {Martin Andersson and Joakim Wernberg},
	title = {Den osynliga infrastrukturen},
year = {2018},
	howpublished = {Swedsoft, \url{http://swedsoft.se/wp-content/uploads/sites/7/2018/03/Den-osynliga-infrastrukturen.pdf}}
}

@misc{barometern17,
	author = {{Statistiska centralbyrån}},
	title = {Arbetskraftsbarometern},
year = {2017},
	howpublished = {\url{http://www.scb.se/contentassets/24d533b997c5430d9d0427804fadbd2f/uf0505_2017a01_am78br1705.pdf}}
}

@inproceedings{rosen2011,
  title={{3+2$\ne$ 5} eller Programmål för ingenjörsutbildningar i ljuset av {B}olognareformen},
  author={Ros{\'e}n, Anders and Edström, Kristina and Borglund, Dan and Kuttenkeuler, Jakob and Hallström, Stefan and Garme, Karl},
  booktitle={3:e utvecklingskonferensen för Sveriges ingenjörsutbildningar},
  year={2011}
}

@book{cs2013,
 author = {{Joint Task Force on Computing Curricula, Association for Computing Machinery (ACM) and IEEE Computer Society}},
 title = {Computer Science Curricula 2013: Curriculum Guidelines for Undergraduate Degree Programs in Computer Science},
 year = {2013},
 publisher = {ACM},
}

@misc{lr_examination,
title = {Lokala regler för examinationer på grundnivå och avancerad nivå vid Linnéuniversitetet},
year = {2016},
howpublished = {\url{https://lnu.se/contentassets/f292dcdf15c94c2ab0ef8245cd4a69ba/lokala-regler-for-examinationer-pa-grundniva-och-avancerad-niva-22-februari-2016.pdf}}
}

@inproceedings{crawley2011cdio,
  title={The CDIO syllabus v2. 0. An updated statement of goals for engineering education},
  author={Crawley, Edward F and Malmqvist, Johan and Lucas, William A and Brodeur, Doris R},
  booktitle={Proceedings of 7th International CDIO Conference, Copenhagen, Denmark},
  year={2011},
  howpublished={\url{http://www.cdio.org/files/project/file/cdio_syllabus_v2.pdf}}
}

@book{crawley2014rethinking,
  title={Rethinking Engineering Education: The CDIO Approach},
  author={Crawley, E.F. and Malmqvist, J. and {\"O}stlund, S. and Brodeur, D.R. and Edstr{\"o}m, K.},
  year={2014},
  publisher={Springer International Publishing}
}

@misc{lr_kurs,
title={Lokala regler för kurs på grundnivå och avancerad nivå vid {Linnéuniversitetet}},
year = {2015},
howpublished={https://lnu.se/contentassets/f292dcdf15c94c2ab0ef8245cd4a69ba/lokala-regler-for-kurs-pa-grundniva-och-avancerad-niva_galler-fr-150301.pdf}
}